@online{name,
	author  = {},
	title   = {},
	date    = {},
	url     = {},
	urldate = {}
}

@online{release_poster,
	author  = {{District 9}},
	title   = {Theatrical release poster for District 9},
	date    = {2009},
	url     = {https://upload.wikimedia.org/wikipedia/en/d/d7/District_nine_ver2.jpg},
	urldate = {2021-11-25}
}

@movie{district_9,
	author    = {{P. Jackson, C. Cunningham (Producer), & B. Neill. (Director)}},
	title     = {District 9 {[Film]}},
	year      = {2009},
	addendum  = {Sony Pictures Releasing (International), Ster-Kinekor (South Africa)}
}

@book{hunger_games,
	author    = {Suzanne Collins},
	title     = {Hunger Games},
	year      = {2010}
}

@movie{bright,
	author    = {{E. Newman, D. Ayer, B. Unkeless, T. Sarandos (Producer), & D. Ayer (Director)}},
	title     = {Bright {[Film]}},
	year      = {2017},
	addendum  = {Netflix (International)}
}

@movie{avatar,
	author    = {{J. Cameron, J. Landau (Producer), & J. Cameron (Director)}},
	title     = {Avatar {[Film]}},
	year      = {2009},
	addendum  = {20th Century Studios (International)}
}

@movie{the_last_samurai,
	author    = {{M. Herskovitz, E. Zwick, T. Cruise, P. Wagner, S. Kroopf, T. Engelman (Producer), & E. Zwick (Director)}},
	title     = {The Last Samurai {[Film]}},
	year      = {2003},
	addendum  = {Warner Bros. Pictures (International)}
}

@movie{braveheart,
	author    = {{M. Gibson, A. Ladd Jr., B. Davey (Producer), & M. Gibson (Director)}},
	title     = {Braveheart {[Film]}},
	year      = {1995},
	addendum  = {Paramount Pictures (United States), 20th Century Studios (International)}
}

@online{apartheid,
	author   = {History.com},
	title    = {Apartheid},
	date     = {2020-03-03},
	origdate = {2010-10-07},
	url      = {https://www.history.com/topics/africa/apartheid},
	urldate  = {2021-11-25}
}
